<?xml version="1.0" encoding="UTF-8"?>
<zs:searchRetrieveResponse xmlns:zs="http://www.loc.gov/zing/srw/">
  <zs:version>1.1</zs:version>
  <zs:numberOfRecords>20</zs:numberOfRecords>
  <zs:records>
    <zs:record>
      <zs:recordSchema/>
      <zs:recordPacking>xml</zs:recordPacking>
      <zs:recordData>
        <record xmlns="http://www.loc.gov/MARC21/slim">
          <leader>01835cam a22004578i 4500</leader>
          <controlfield tag="001">20621108</controlfield>
          <controlfield tag="005">20180808101046.0</controlfield>
          <controlfield tag="006">m    |o  d |      </controlfield>
          <controlfield tag="007">cr_|||||||||||</controlfield>
          <controlfield tag="008">180808s2019    mnu     ob   s001 0aeng  </controlfield>
          <datafield tag="906" ind1=" " ind2=" ">
            <subfield code="a">7</subfield>
            <subfield code="b">cbc</subfield>
            <subfield code="c">origcop</subfield>
            <subfield code="d">1</subfield>
            <subfield code="e">ecip</subfield>
            <subfield code="f">20</subfield>
            <subfield code="g">y-gencatlg</subfield>
          </datafield>
          <datafield tag="925" ind1="0" ind2=" ">
            <subfield code="a">undetermined</subfield>
            <subfield code="e">ecip book</subfield>
            <subfield code="x">policy default</subfield>
          </datafield>
          <datafield tag="955" ind1=" " ind2=" ">
            <subfield code="a">ecip ebook 2018-08-08</subfield>
          </datafield>
          <datafield tag="010" ind1=" " ind2=" ">
            <subfield code="a">  2018038142</subfield>
          </datafield>
          <datafield tag="020" ind1=" " ind2=" ">
            <subfield code="a">9781452959412 (e-book)</subfield>
          </datafield>
          <datafield tag="020" ind1=" " ind2=" ">
            <subfield code="z">9781517906559 (hc : alk. paper)</subfield>
          </datafield>
          <datafield tag="040" ind1=" " ind2=" ">
            <subfield code="a">DLC</subfield>
            <subfield code="b">eng</subfield>
            <subfield code="e">rda</subfield>
            <subfield code="c">DLC</subfield>
          </datafield>
          <datafield tag="042" ind1=" " ind2=" ">
            <subfield code="a">pcc</subfield>
          </datafield>
          <datafield tag="043" ind1=" " ind2=" ">
            <subfield code="a">n-us---</subfield>
          </datafield>
          <datafield tag="050" ind1="1" ind2="0">
            <subfield code="a">TR681.W6</subfield>
          </datafield>
          <datafield tag="082" ind1="0" ind2="0">
            <subfield code="a">362.19699/4490092</subfield>
            <subfield code="a">B</subfield>
            <subfield code="2">23</subfield>
          </datafield>
          <datafield tag="245" ind1="0" ind2="0">
            <subfield code="a">Unapologetic beauty /</subfield>
            <subfield code="c">Joanna Frueh ; photography by Frances Murray.</subfield>
          </datafield>
          <datafield tag="263" ind1=" " ind2=" ">
            <subfield code="a">1901</subfield>
          </datafield>
          <datafield tag="264" ind1=" " ind2="1">
            <subfield code="a">Minneapolis :</subfield>
            <subfield code="b">University of Minnesota Press,</subfield>
            <subfield code="c">[2019]</subfield>
          </datafield>
          <datafield tag="300" ind1=" " ind2=" ">
            <subfield code="a">1 online resource.</subfield>
          </datafield>
          <datafield tag="336" ind1=" " ind2=" ">
            <subfield code="a">text</subfield>
            <subfield code="b">txt</subfield>
            <subfield code="2">rdacontent</subfield>
          </datafield>
          <datafield tag="337" ind1=" " ind2=" ">
            <subfield code="a">computer</subfield>
            <subfield code="b">n</subfield>
            <subfield code="2">rdamedia</subfield>
          </datafield>
          <datafield tag="338" ind1=" " ind2=" ">
            <subfield code="a">online resource</subfield>
            <subfield code="b">nc</subfield>
            <subfield code="2">rdacarrier</subfield>
          </datafield>
          <datafield tag="504" ind1=" " ind2=" ">
            <subfield code="a">Includes bibliographical references and index.</subfield>
          </datafield>
          <datafield tag="588" ind1=" " ind2=" ">
            <subfield code="a">Description based on print version record and CIP data provided by publisher; resource not viewed.</subfield>
          </datafield>
          <datafield tag="650" ind1=" " ind2="0">
            <subfield code="a">Photography of women.</subfield>
          </datafield>
          <datafield tag="650" ind1=" " ind2="0">
            <subfield code="a">Portrait photography</subfield>
            <subfield code="z">United States.</subfield>
          </datafield>
          <datafield tag="600" ind1="1" ind2="0">
            <subfield code="a">Frueh, Joanna</subfield>
            <subfield code="x">Health.</subfield>
          </datafield>
          <datafield tag="650" ind1=" " ind2="0">
            <subfield code="a">Feminists</subfield>
            <subfield code="z">United States</subfield>
            <subfield code="v">Biography.</subfield>
          </datafield>
          <datafield tag="650" ind1=" " ind2="0">
            <subfield code="a">Breast</subfield>
            <subfield code="x">Cancer</subfield>
            <subfield code="x">Patients</subfield>
            <subfield code="z">United States</subfield>
            <subfield code="v">Portraits.</subfield>
          </datafield>
          <datafield tag="650" ind1=" " ind2="0">
            <subfield code="a">Breast</subfield>
            <subfield code="x">Cancer</subfield>
            <subfield code="x">Patients</subfield>
            <subfield code="z">United States</subfield>
            <subfield code="v">Biography.</subfield>
          </datafield>
          <datafield tag="650" ind1=" " ind2="0">
            <subfield code="a">Breast cancer patients' writings, American.</subfield>
          </datafield>
          <datafield tag="700" ind1="1" ind2=" ">
            <subfield code="a">Frueh, Joanna,</subfield>
            <subfield code="e">writer of added text.</subfield>
          </datafield>
          <datafield tag="700" ind1="1" ind2=" ">
            <subfield code="a">Murray, Frances,</subfield>
            <subfield code="d">1947-</subfield>
            <subfield code="e">photographer.</subfield>
          </datafield>
          <datafield tag="776" ind1="0" ind2="8">
            <subfield code="i">Print version:</subfield>
            <subfield code="t">Unapologetic beauty</subfield>
            <subfield code="d">Minneapolis : University of Minnesota Press, [2019]</subfield>
            <subfield code="z">9781517906559</subfield>
            <subfield code="w">(DLC)  2018037432</subfield>
          </datafield>
          <datafield tag="963" ind1=" " ind2=" ">
            <subfield code="a">Sarah Barker; phone: 612-3011982; email: barke151@umn.edu; bc: barke151@umn.edu</subfield>
          </datafield>
        </record>
      </zs:recordData>
      <zs:recordPosition>1</zs:recordPosition>
    </zs:record>